<?xml version="1.0" encoding="UTF-8"?><record xmlns="http://www.loc.gov/MARC21/slim" xmlns:cinclude="http://apache.org/cocoon/include/1.0" xmlns:zs="http://www.loc.gov/zing/srw/">
  <leader>00393nz  a2200121n  4500</leader>
  <controlfield tag="001">n 2008017129</controlfield>
  <controlfield tag="003">DLC</controlfield>
  <controlfield tag="005">20080311074953.0</controlfield>
  <controlfield tag="008">080310n| acannaabn          |n aaa      </controlfield>
  <datafield tag="010" ind1=" " ind2=" ">
    <subfield code="a">n 2008017129</subfield>
  </datafield>
  <datafield tag="040" ind1=" " ind2=" ">
    <subfield code="a">DLC</subfield>
    <subfield code="b">eng</subfield>
    <subfield code="c">DLC</subfield>
  </datafield>
  <datafield tag="100" ind1="1" ind2=" ">
    <subfield code="a">Hopper, Geoffrey H.</subfield>
  </datafield>
  <datafield tag="670" ind1=" " ind2=" ">
    <subfield code="a">Hopper, Geoffrey H. Handling employment for bosses and supervisors, c2008:</subfield>
    <subfield code="b">t.p. (Geoffrey H. Hopper, labor and employment attorney)</subfield>
  </datafield>
</record>